% Encoding: UTF-8

@Book{Santos2018,
  title     = {Método cient{\'i}fico: uma introdu{\c{c}}{\~a}o},
  publisher = {Recife: EJPS},
  year      = {2018},
  author    = {Edval José Pinheiro dos Santos},
  edition   = {1},
  isbn      = {978-85-924541-0-4},
}

@Article{Kahan2017,
  author    = {Kahan, Dan M and Peters, Ellen and Dawson, Erica Cantrell and Slovic, Paul},
  title     = {Motivated numeracy and enlightened self-government},
  journal   = {Behavioural public policy},
  year      = {2017},
  volume    = {1},
  number    = {1},
  pages     = {54--86},
  publisher = {Cambridge University Press},
}

@Book{Marconi2017,
  title     = {Fundamentos de metodologia cient{\'i}fica},
  publisher = {8. ed.-S{\~a}o Paulo: Atlas},
  year      = {2017},
  author    = {Marconi, Marina de Andrade and Lakatos, Eva Maria},
  editor    = {Jo{\~a}o Bosco Medeiros},
}

@Book{Gil2002,
  title     = {Como elaborar projetos de pesquisa},
  publisher = {Atlas S{\~a}o Paulo},
  year      = {2002},
  author    = {Gil, Antonio Carlos},
  volume    = {4},
}

@book{Popper2004,
  title={A l{\'o}gica da pesquisa cient{\'i}fica},
  author={Popper, Karl R},
  year={2004},
  publisher={Editora Cultrix}
}

@Book{Weissberg1990,
  title     = {Writing up research},
  publisher = {Prentice Hall Englewood Cliffs, NJ},
  year      = {1990},
  author    = {Weissberg, Robert and Buker, Suzanne},
}

@Article{Araujo2018,
  author  = {Araujo, Lauro C{\'e}sar},
  title   = {A classe abntex2: Documentos t{\'e}cnicos e cient{\'\i}ficos brasileiros compat{\'\i}veis com as normas ABNT. 2016},
  journal = {URL: https://ctan. org/pkg/abnt2/[cited 2018-06-11]},
  year    = {2018},
}

@Misc{Oliveira2013,
  author    = {Sheila Fernandes Pimenta Oliveira},
  title     = {Estrutura e formata{\c{c}}{\~a}o de trabalhos acad{\^e}micos: compila{\c{c}}{\~a}o e discuss{\~a}o das normas da ABNT},
  year      = {2013},
  publisher = {Franca: Uni-FACEF},
}

@Book{Wolcott2008,
  title     = {Writing up qualitative research},
  publisher = {Sage Publications},
  year      = {2008},
  author    = {Wolcott, Harry F},
}

@Book{Ferrier1854,
  title     = {Institutes of Metaphysic: The Theory of Knowing the Mind},
  publisher = {W. Blackwood and sons},
  year      = {1854},
  author    = {Ferrier, James Frederick},
}

@Book{Kuhn2021,
  title     = {A estrutura das revolu{\c{c}}{\~o}es cient{\'\i}ficas},
  publisher = {Guerra e Paz Editores},
  year      = {2021},
  author    = {Kuhn, Thomas S},
}

@Book{Sagan2006,
  title     = {O mundo assombrado pelos dem{\^o}nios: a ci{\^e}ncia vista como uma vela no escuro},
  publisher = {Editora Companhia das Letras},
  year      = {2006},
  author    = {Sagan, Carl},
}

@Book{Agresti2018,
  title     = {Statistical methods for the social sciences},
  publisher = {Pearson},
  year      = {2018},
  author    = {Alan Agresti},
  number    = {300.72 A3},
}

@Misc{Wikipedia2017,
  author       = {Wikipédia},
  title        = {Notação em probabilidade e estatística},
  howpublished = {https://pt.wikipedia.org/wiki/Nota%C3%A7%C3%A3o_em_probabilidade_e_estat%C3%ADstica},
  month        = feb,
  year         = {2017},
  note         = {Acessado em 19/03/2022},
}

@Article{Halperin1965,
  author    = {Halperin, Max and Hartley, Herman O and Hoel, Paul G},
  title     = {Recommended Standards for Statistical Symbols and Notation: Copss Committee on Symbols and Notation},
  journal   = {The American Statistician},
  year      = {1965},
  volume    = {19},
  number    = {3},
  pages     = {12--14},
  publisher = {Taylor \& Francis},
}

@Article{Casella2011,
  author  = {Casella, George and Berger, Roger L},
  title   = {Infer{\^e}ncia estat{\'\i}stica-tradu{\c{c}}{\~a}o da 2a edi{\c{c}}{\~a}o norte-americana},
  journal = {Centage Learning},
  year    = {2011},
  pages   = {259},
}

@Book{Gries2021,
  title     = {Statistics for Linguistics with R},
  publisher = {De Gruyter Mouton},
  year      = {2021},
  author    = {Gries, Stefan Th},
}

@Book{Baayen2008,
  title     = {Analyzing linguistic data: a practical introduction to statistics using R},
  publisher = {Cambridge University Press},
  year      = {2008},
  author    = {R. Harald Baayen},
  edition   = {1st},
}

@Book{Levshina2015,
  title     = {How to do linguistics with R},
  publisher = {Université catholique de Louvain},
  year      = {2015},
  author    = {Levshina, Natalia},
  journal   = {Data Exploration and Statistical Analysis, Amsterdam-Philadelphia},
}

@Book{Chomsky2009,
  title     = {Syntactic structures},
  publisher = {De Gruyter Mouton},
  year      = {2009},
  author    = {Chomsky, Noam},
}

@Book{Bloomfield1935,
  title     = {Language (revised edition)},
  publisher = {London: George Allen \& Unwin},
  year      = {1935},
  author    = {Bloomfield, Leonard},
}

@Comment{jabref-meta: databaseType:bibtex;}
